<collection xmlns='http://www.loc.gov/MARC21/slim' xmlns:xsi='http://www.w3.org/2001/XMLSchema-instance' xsi:schemaLocation='http://www.loc.gov/standards/marcxml/schema/MARC21slim.xsd'>
  <record xmlns="http://www.loc.gov/MARC21/slim">
    <leader>00000ntm a2200000Ia 4500</leader>
    <controlfield tag="001">on1241981133</controlfield>
    <controlfield tag="008">210316q18531854xx            000 0 ota d</controlfield>
    <datafield tag="040" ind1=" " ind2=" ">
      <subfield code="a">ZCU</subfield>
      <subfield code="b">eng</subfield>
      <subfield code="e">amremm</subfield>
      <subfield code="c">ZCU</subfield>
    </datafield>
    <datafield tag="035" ind1=" " ind2=" ">
      <subfield code="a">(NNC)15381876</subfield>
    </datafield>
    <datafield tag="041" ind1="0" ind2=" ">
      <subfield code="a">ota</subfield>
      <subfield code="a">per</subfield>
    </datafield>
    <datafield tag="043" ind1=" " ind2=" ">
      <subfield code="a">n-us-ny</subfield>
    </datafield>
    <datafield tag="049" ind1=" " ind2=" ">
      <subfield code="a">ZCUA</subfield>
    </datafield>
    <datafield tag="100" ind1="1" ind2=" ">
      <subfield code="6">880-01</subfield>
      <subfield code="a">Fenâî, Laʻlî Meḥmed.</subfield>
    </datafield>
    <datafield tag="240" ind1="1" ind2="0">
      <subfield code="6">880-02</subfield>
      <subfield code="a">Şerh-i maʻnevi-i şerif</subfield>
    </datafield>
    <datafield tag="245" ind1="1" ind2="0">
      <subfield code="6">880-03</subfield>
      <subfield code="a">Manevi şerhi</subfield>
    </datafield>
    <datafield tag="264" ind1=" " ind2="0">
      <subfield code="c">[1853 or 1854]</subfield>
    </datafield>
    <datafield tag="300" ind1=" " ind2=" ">
      <subfield code="a">82 foliated leaves :</subfield>
      <subfield code="b">paper ;</subfield>
      <subfield code="c">211 x 154 (163 x 100) mm, bound to 212 x 161 x 14 mm</subfield>
    </datafield>
    <datafield tag="336" ind1=" " ind2=" ">
      <subfield code="a">text</subfield>
      <subfield code="b">txt</subfield>
      <subfield code="2">rdacontent</subfield>
    </datafield>
    <datafield tag="337" ind1=" " ind2=" ">
      <subfield code="a">unmediated</subfield>
      <subfield code="b">n</subfield>
      <subfield code="2">rdamedia</subfield>
    </datafield>
    <datafield tag="338" ind1=" " ind2=" ">
      <subfield code="a">volume</subfield>
      <subfield code="b">nc</subfield>
      <subfield code="2">rdacarrier</subfield>
    </datafield>
    <datafield tag="340" ind1=" " ind2=" ">
      <subfield code="d">manuscript</subfield>
    </datafield>
    <datafield tag="500" ind1=" " ind2=" ">
      <subfield code="a">Manuscript codex.</subfield>
    </datafield>
    <datafield tag="520" ind1=" " ind2=" ">
      <subfield code="a">Supercommentary on İbrāhīm Gülşenī's commentary of Rūmī's Mas̲navī-i maʻnavī.</subfield>
    </datafield>
    <datafield tag="500" ind1=" " ind2=" ">
      <subfield code="a">Title from fore-edge inscription.</subfield>
    </datafield>
    <datafield tag="530" ind1=" " ind2=" ">
      <subfield code="a">Also available as a digital facsimile.</subfield>
    </datafield>
    <datafield tag="546" ind1=" " ind2=" ">
      <subfield code="a">Ottoman Turkish and Persian.</subfield>
    </datafield>
    <datafield tag="500" ind1=" " ind2=" ">
      <subfield code="a">Layout: Written in 18 long lines.</subfield>
    </datafield>
    <datafield tag="500" ind1=" " ind2=" ">
      <subfield code="a">Script: Written in ruqʻah in black ink; pointed.</subfield>
    </datafield>
    <datafield tag="500" ind1=" " ind2=" ">
      <subfield code="a">Origin: Copy completed in 1270 A.H. (1853 or 1854 CE) (f. 82v).</subfield>
    </datafield>
    <datafield tag="500" ind1=" " ind2=" ">
      <subfield code="a">Shelfmark: UTS Ms. Tur. 2.</subfield>
    </datafield>
    <datafield tag="561" ind1="1" ind2=" ">
      <subfield code="a">Formerly owned by Darvīsh Nūr al-Dīn (stamps, f. 1r-2r).</subfield>
    </datafield>
    <datafield tag="561" ind1="1" ind2=" ">
      <subfield code="a">Given as a waqf (pious donation) by al-Sayyid Darvīsh Muḥammad Nūr al-Dīn Sunbulī in 1279 A.H. (1862 or 1863 CE)  (note ink, f. 1r).</subfield>
    </datafield>
    <datafield tag="563" ind1=" " ind2=" ">
      <subfield code="a">Textured green paper over cardboard (type III); plain paper doublure.</subfield>
    </datafield>
    <datafield tag="588" ind1="0" ind2=" ">
      <subfield code="a">Item cataloged from digital facsimile and existing description.</subfield>
    </datafield>
    <datafield tag="600" ind1="0" ind2="0">
      <subfield code="6">880-04</subfield>
      <subfield code="a">Jalāl al-Dīn Rūmī,</subfield>
      <subfield code="c">Maulana,</subfield>
      <subfield code="d">1207-1273.</subfield>
      <subfield code="t">Mas̲navī.</subfield>
    </datafield>
    <datafield tag="600" ind1="0" ind2="0">
      <subfield code="6">880-05</subfield>
      <subfield code="a">İbrahim bin Muhammed Gülşenî,</subfield>
      <subfield code="d">-1534.</subfield>
      <subfield code="t">Şerh-i maʻnevi-i şerif.</subfield>
    </datafield>
    <datafield tag="650" ind1=" " ind2="0">
      <subfield code="a">Persian poetry</subfield>
      <subfield code="y">747-1500</subfield>
      <subfield code="x">History and criticism.</subfield>
    </datafield>
    <datafield tag="650" ind1=" " ind2="0">
      <subfield code="a">Manuscripts, Turkish</subfield>
      <subfield code="z">New York (State)</subfield>
      <subfield code="z">New York.</subfield>
    </datafield>
    <datafield tag="655" ind1=" " ind2="7">
      <subfield code="a">Codices (bound manuscripts)</subfield>
      <subfield code="2">aat</subfield>
    </datafield>
    <datafield tag="655" ind1=" " ind2="7">
      <subfield code="a">Commentaries.</subfield>
      <subfield code="2">aat</subfield>
    </datafield>
    <datafield tag="655" ind1=" " ind2="7">
      <subfield code="a">Manuscripts (documents)</subfield>
      <subfield code="2">aat</subfield>
    </datafield>
    <datafield tag="700" ind1="0" ind2="2">
      <subfield code="6">880-06</subfield>
      <subfield code="a">Jalāl al-Dīn Rūmī,</subfield>
      <subfield code="c">Maulana,</subfield>
      <subfield code="d">1207-1273.</subfield>
      <subfield code="t">Mas̲navī.</subfield>
      <subfield code="k">Selections.</subfield>
    </datafield>
    <datafield tag="700" ind1="0" ind2="2">
      <subfield code="6">880-07</subfield>
      <subfield code="a">İbrahim bin Muhammed Gülşenî,</subfield>
      <subfield code="d">-1534.</subfield>
      <subfield code="t">Şerh-i maʻnevi-i şerif.</subfield>
    </datafield>
    <datafield tag="700" ind1="1" ind2=" ">
      <subfield code="6">880-08</subfield>
      <subfield code="a">Sunbulī, Muḥammad Darvīsh Nūr al-Dīn,</subfield>
      <subfield code="d">active 1862,</subfield>
      <subfield code="e">former owner.</subfield>
    </datafield>
    <datafield tag="700" ind1="0" ind2=" ">
      <subfield code="6">880-09</subfield>
      <subfield code="a">Nūr al-Dīn Darvīsh,</subfield>
      <subfield code="e">former owner.</subfield>
    </datafield>
    <datafield tag="710" ind1="2" ind2=" ">
      <subfield code="a">Muslim World Manuscripts (Columbia University. Rare Book and Manuscript Library)</subfield>
      <subfield code="5">NNC</subfield>
    </datafield>
    <datafield tag="710" ind1="2" ind2=" ">
      <subfield code="a">Turkish Manuscripts Collection (Burke Library at Union Theological Seminary)</subfield>
      <subfield code="5">NNC</subfield>
    </datafield>
    <datafield tag="856" ind1="4" ind2="1">
      <subfield code="z">Digital facsimile in OPenn</subfield>
      <subfield code="u">http://openn.library.upenn.edu/Data/0033/html/uts_ms_002_turkic.html</subfield>
    </datafield>
    <datafield tag="852" ind1=" " ind2=" ">
      <subfield code="a">Columbia University.</subfield>
      <subfield code="b">Rare Book and Manuscript Library</subfield>
      <subfield code="e">New York, NY. 10027</subfield>
      <subfield code="n">nyu</subfield>
      <subfield code="u">https://clio.columbia.edu/catalog/15381876</subfield>
    </datafield>
    <datafield tag="880" ind1="1" ind2=" ">
      <subfield code="6">100-01/(3/r</subfield>
      <subfield code="a">فنائى، لعلى محمد.</subfield>
    </datafield>
    <datafield tag="880" ind1="1" ind2="0">
      <subfield code="6">240-02/(3/r</subfield>
      <subfield code="a">شرح معنوى شريف</subfield>
    </datafield>
    <datafield tag="880" ind1="1" ind2="0">
      <subfield code="6">245-03/(3/r</subfield>
      <subfield code="a">معنوى شرحى</subfield>
    </datafield>
    <datafield tag="880" ind1="0" ind2="4">
      <subfield code="6">600-04/(3/r</subfield>
      <subfield code="a">جلال الدين رومى،</subfield>
      <subfield code="c">ملانا،</subfield>
      <subfield code="d">1207-1273.</subfield>
      <subfield code="t">مثنوى.</subfield>
    </datafield>
    <datafield tag="880" ind1="0" ind2="4">
      <subfield code="6">600-05/(3/r</subfield>
      <subfield code="a">ابراهيم بن محمد گلشنى،</subfield>
      <subfield code="d">-1534.</subfield>
      <subfield code="t">شرح معنوى شريف</subfield>
    </datafield>
    <datafield tag="880" ind1="0" ind2="2">
      <subfield code="6">700-06/(3/r</subfield>
      <subfield code="a">جلال الدين رومى،</subfield>
      <subfield code="c">ملانا،</subfield>
      <subfield code="d">1207-1273.</subfield>
      <subfield code="t">مثنوى.</subfield>
      <subfield code="k">Selections.</subfield>
    </datafield>
    <datafield tag="880" ind1="0" ind2="2">
      <subfield code="6">700-07/(3/r</subfield>
      <subfield code="a">ابراهيم بن محمد گلشنى،</subfield>
      <subfield code="d">-1534.</subfield>
      <subfield code="t">شرح معنوى شريف</subfield>
    </datafield>
    <datafield tag="880" ind1="1" ind2=" ">
      <subfield code="6">700-08/(3/r</subfield>
      <subfield code="a">سنبلي، محمد درويش نور الدين،</subfield>
      <subfield code="d">active 1862.</subfield>
      <subfield code="e">former owner.</subfield>
    </datafield>
    <datafield tag="880" ind1="0" ind2=" ">
      <subfield code="6">700-09/(3/r</subfield>
      <subfield code="a">نور الدين درويش،</subfield>
      <subfield code="e">former owner.</subfield>
    </datafield>
    <datafield tag="066" ind1=" " ind2=" ">
      <subfield code="c">(3</subfield>
      <subfield code="c">(4</subfield>
    </datafield>
  </record></collection>